@comment{x-kbibtex-personnameformatting=<%l><, %f>}

@online{slocounty,
	url = "http://www.slocounty.ca.gov/Assets/CR/Elections/PDFs/Voter+turnout.pdf"
}

@online{pew,
	author = "Desilver, Drew",
	date = "2016-8-2",
	publisher = "Pew Research Center",
	title = "{U.S. voter turnout trails most developed countries}",
	url = "http://www.pewresearch.org/fact-tank/2016/08/02/u-s-voter-turnout-trails-most-developed-countries"
}

@online{governing,
	author = "Maciag, Mike",
	journal = "Governing",
	month = oct,
	publisher = "e.Republic",
	title = "{Voter Turnout Plummeting in Local Elections}",
	url = "http://www.governing.com/topics/politics/gov-voter-turnout-municipal-elections.html",
	year = "2014"
}

